% This file was created with JabRef 2.9.2.
% Encoding: Cp1252

@MANUAL{AG2013,
  title = {Industrial IGBT Modules - Explanation of Technical Information Application
	Note AN 2011-05},
  author = {Infineon Technologies AG},
  organization = {Infineon Technologies AG},
  address = {59568 Warstein, Germany},
  edition = {V1.1},
  month = {May},
  year = {2013},
  owner = {sic32875},
  timestamp = {2014.08.12}
}

@ARTICLE{Baker2011,
  author = {Binnie Baker},
  title = {How delta-sigma ADCs work, Part 1},
  journal = {Texas Instruments Analog Applications Journal},
  year = {2011},
  pages = {6},
  owner = {sic32875},
  timestamp = {2014.08.11}
}

@ARTICLE{Baker2011a,
  author = {Bonnier Baker},
  title = {How delta-sigma ADCs work, Part 2},
  journal = {Texas Instruments Analog Applications Journal},
  year = {2011},
  pages = {5},
  owner = {sic32875},
  timestamp = {2014.08.11}
}

@MASTERSTHESIS{Bauer2014,
  author = {Markus Bauer},
  title = {Konstruktion und Aufbau einer 3-Level-Wechselrichters},
  school = {OTH Regensburg},
  year = {2014},
  owner = {sic32875},
  timestamp = {2014.09.29}
}

@MASTERSTHESIS{Bodensteiner2013,
  author = {Florian Bodensteiner},
  title = {Optimierung des Schaltverhaltens eines bestehenden 3-Level Wechselrichters
	im Hinblick auf die Steuerung und Regelung von Drehstrommaschinen},
  school = {FErnUniversit\"at Hagen},
  year = {2013},
  owner = {Christian},
  timestamp = {2014.09.23}
}

@MANUAL{CONCEPT2013,
  title = {Application with SCALE-2 Gate Driver Cores AN-1101},
  author = {CONCEPT},
  year = {2013},
  owner = {sic32875},
  timestamp = {2014.08.11}
}

@MANUAL{CONCEPT2012,
  title = {2SC0108T2Dx-xx Description \& Application Manual},
  author = {CONCEPT},
  year = {2012},
  owner = {sic32875},
  timestamp = {2014.08.11}
}

@MANUAL{CONCEPT2010,
  title = {IGBT and MOSFET Drivers Correctly Calculated AN-1001},
  author = {CONCEPT},
  year = {2010},
  owner = {sic32875},
  timestamp = {2014.08.11}
}

@MANUAL{CONCEPT2008,
  title = {Design of driver cards with SCALE drivers AN-9901},
  author = {CONCEPT},
  year = {2008},
  owner = {sic32875},
  timestamp = {2014.08.11}
}

@ARTICLE{Dietmayer2001,
  author = {Klaus C.J. Dietmayer},
  title = {Magnetische Sensor auf Basis des AMR-Effekts},
  journal = {Technische Messen 68 Oldenbourg Verlag},
  year = {2001},
  owner = {sic32875},
  timestamp = {2014.08.11}
}

@BOOK{Franz2008,
  title = {EMV St\"orungssicherer Aufbau elektronischer Schaltungen},
  publisher = {Vieweg und Teubner},
  year = {2008},
  author = {Dr.-Ing. Joachim Franz},
  edition = {3., erweiterte und \"uberarbeitete Auflage},
  owner = {sic32875},
  timestamp = {2014.08.11}
}

@MASTERSTHESIS{Guertler2012,
  author = {Johannes G\"urtler},
  title = {Verifizierung und Vergleich der Ansteuerung von Drei-Level-Wecheslrichtern},
  school = {University of Applied Science Regensburg},
  year = {2012},
  owner = {Christian},
  timestamp = {2014.09.23}
}

@ARTICLE{Klein,
  author = {Stefan Klein},
  title = {EMV Filter f\"ur DCDC Schaltregler optimieren},
  journal = {W\"urth Elektronik},
  owner = {Christian},
  timestamp = {2014.09.20}
}

@BOOK{Mancini2002,
  title = {Op Amps For Everyone},
  publisher = {Texas Instruments},
  year = {2002},
  editor = {Ron Mancini},
  author = {Ron Mancini},
  owner = {sic32875},
  timestamp = {2014.03.03}
}

@BOOK{Ott2009,
  title = {Electromagnetic Compatibility Engineering},
  publisher = {WILEY},
  year = {2009},
  author = {Henry W. Ott},
  owner = {sic32875},
  timestamp = {2014.08.11}
}

@BOOK{Papula2006,
  title = {Mathematische Formelsammlung für Ingenieure und Naturwissenschaftler},
  publisher = {Vieweg},
  year = {2006},
  author = {Lothar Papula},
  edition = {9. Auflage},
  owner = {sic32875},
  timestamp = {2014.08.11}
}

@ARTICLE{Pithadia2013,
  author = {By Sanjay Pithadia and Shridhar More},
  title = {Grounding in mixed-signal systems demystified, Part 1},
  journal = {Texas Instruments Analog Applications Journal},
  year = {2013},
  pages = {6},
  owner = {sic32875},
  timestamp = {2014.08.11}
}

@ARTICLE{Pithadia2013a,
  author = {By Sanjay Pithadia and Shridhar More},
  title = {Grounding in mixed-signal systems demystified, Part 2},
  journal = {Texas Instruments Analog Applications Journal},
  year = {2013},
  pages = {6},
  owner = {sic32875},
  timestamp = {2014.08.11}
}

@ARTICLE{Sclocchi,
  author = {Michele Sclocchi},
  title = {Input Filter Design for Switching Power Supplies},
  journal = {National Semiconductors Corporation},
  owner = {Christian},
  timestamp = {2014.09.20}
}

@ARTICLE{Sensitec,
  author = {Sensitec},
  title = {Integrated Current Sensor based on MagnetoResistive (MR) Technology},
  owner = {sic32875},
  timestamp = {2014.08.11}
}

@MANUAL{Sensitec2011,
  title = {CFS1000 Integrated MagnetoResistive Current Sensor Preliminary Data
	Sheet},
  author = {Sensitec},
  year = {2011},
  owner = {sic32875},
  timestamp = {2014.08.11}
}

@BOOK{Specovius2011,
  title = {Grundkurs Leistungselektronik},
  publisher = {Vieweg und Teubner},
  year = {2011},
  author = {Joachim Specovius},
  owner = {Christian},
  timestamp = {2014.09.08}
}

@BOOK{Williams2005,
  title = {The Circuit Designer's Companion},
  publisher = {Newnes},
  year = {2005},
  author = {Tim Williams},
  edition = {Second Edition},
  owner = {sic32875},
  timestamp = {2014.08.11}
}

@BOOK{Zach2009,
  title = {Leistungselektronik},
  publisher = {SpringerWienNewYork},
  year = {2009},
  author = {Franz Zach},
  edition = {4., vollst\"andig \"uberarbeitete und erweiterte Auflage},
  owner = {sic32875},
  timestamp = {2014.08.11}
}

